@BOOK{COG2005,
 	title = {COG Obsolescence Minefield},
	address = {rev. ampl. atual. Belo Horizonte},
	author = {R. ATTERBURY and R. Rogokowski},
	year = {2005},
}
@BOOK{sapse,
	organization = {SAP - SE},
	title = { SAP History},
	publisher = {SAP-SE},
	year = {2022},
	note = {Disponível em:<https://www.sap.com/about/company/history.html> Acesso em: 1 mar. 2022.}
}
 @ARTICLE{rajagopala,
	author = {S. RAJAGOPALA and J. A. ERKOYUNCUA and R. Roya},
	title = {Software obsolescence in defence},
	journal = {3rd CIRP Global Web Conference},
	year = {2014},	
}
 @ARTICLE{computerworld,
	author = {Katherine Noyes and Computerworld},
	title = {SAP unwraps an enterprise suite based on HANA},
	journal = {Computerworld - The Voice of Business Technology},
	year = {2015},
	note = {Disponível em:<https://www.computerworld.com/article/2879201/sap-unwraps-an-enterprise-suite-based-on-hana.html> Acesso em 07 mar 2022}	
}
@BOOK{sandborn2008,
	author = {P. Sandborn},
	title = {Strategic Management of DMSMS in Systems},
	publisher = {DSP Journal},
	year = {2008},
	volume = {2},
	number = {8}
	pages = {1394-1401}
	 note = {Disponível em <https://www.researchgate.net/profile/Peter-Sandborn/publication/255658788_Strategic_management_of_DMSMS_in_systems/links/5e0decdf92851c8364ac8de8/Strategic-management-of-DMSMS-in-systems.pdf> acessado em 20 abr. 2022}
}
@BOOK{sandborn2012,
	author = {Peter Sandborn and P BJOERN and E ULRICH and MG PECHT},
	title = {Strategies to the Prediction, Mitigation and Management of Product Obsolescence},
	publisher = {John Wiley and Sons},
	year = {2012},
	author = {Peter Sandborn and P BJOERN and E ULRICH and MG PECHT},
}

@BOOK{sandborn2007,
	author = {P. Sandborn},
	title = {Software Obsolescence: Complicating the Part and Technology Obsolescence Management Problem},
	publisher = {IEEE Trans on Components and Packaging Technologie},
	year = {2007},
}
@BOOK{fgv,
  organization = {FGV},
  title = {  Pesquisa Anual do Uso de TI },
  subtitle = {normas da \uppercase{ABNT} para apresentaç\~ao de teses, dissertaç\~oes,  monografias   e  trabalhos acad\^emicos},
  edition = {32},
  publisher = {Fundaç\~ao Get\'ilio Vargas},
  year = {2021},
  note = {Disponível em <https://eaesp.fgv.br/sites/eaesp.fgv.br/files/u68/fgvcia2021pesti-relatorio.pdf> acessado em 18 set. 2017}
 } 
  @ARTICLE{herald2012,
 	author = {T. E. HERALD},
 	title = {System Element Obsolescence Replacement Optimization via Life Cycle Cost Forecasting},
 	journal = {IEEE TRANSACTIONS ON COMPONENTS, PACKAGING AND MANUFACTURING TECHNOLOGY},
 	year = {2012},
 	volume = {2},
 	number = {8}
 	pages = {1394-1401}
 	note = {Disponível em:<https://ieeexplore.ieee.org/abstract/document/6226836> Acesso em 07 mar 2022}	
 }
@BOOK{BOEDER2014,
	author = {J. BOEDER and B. Groene},
	title = {The Architecture of SAP ERP: Understand how successful software works},
	publisher = {Tredition},
	year = {2014}	
}
 @ARTICLE{Kitchenham,
	author = {B. KITCHENHAM and S. PFLEEGER},
	title = {Principles of survey research},
	subtitle = {part 2: designing a survey},
	journal = {ACM SIGSOFT Software Engineering Notes},
	year = {2002},
	volume = {27},
	number = {1}
	pages = {44-45}	
}
 @ARTICLE{SAPERPEHP,
	author = {SAP-SE},
	title = {Master Guide SAP Enhancement Package 6 for SAP ERP 6.0 Powered by SAP 	NetWeaver},
	year = {2022},
	note = {Disponível em:<https://help.sap.com/doc/2744f79bdc8743379a778a55d57dd5bb/6.06.19/en-US/Master_Guide_for_SAP_Enhancement_Package_6_for_SAP_ERP_60E.PDF> Acesso em 07 mar 2022}
